
@software{Allaire2021,
  title = {{{rmarkdown}}: dynamic documents for {{R}}},
  author = {Allaire, J J and Xie, Yihui and McPherson, Jonathan and Luraschi, Javier and Ushey, Kevin and Atkins, Aron and Wickham, Hadley and Cheng, Joe and Chang, Winston and Iannone, Richard},
  date = {2021},
  version = {R package version 2.7.}
}

@article{Apprill2015a,
  title = {Minor revision to {{V4}} region {{SSU rRNA 806R}} gene primer greatly increases detection of {{SAR11}} bacterioplankton},
  author = {Apprill, Amy and McNally, Sean and Parsons, Rachel and Weber, Laura},
  date = {2015-06-04},
  journaltitle = {Aquat. Microb. Ecol.},
  volume = {75},
  number = {2},
  pages = {129--137},
  issn = {0948-3055, 1616-1564},
  doi = {10.3354/ame01753},
  langid = {english}
}

@article{Bent2008,
  title = {The tragedy of the uncommon: understanding limitations in the analysis of microbial diversity},
  shorttitle = {The tragedy of the uncommon},
  author = {Bent, Stephen J. and Forney, Larry J.},
  date = {2008-07},
  journaltitle = {ISME J.},
  volume = {2},
  number = {7},
  pages = {689--695},
  publisher = {{Nature Publishing Group}},
  issn = {1751-7370},
  doi = {10.1038/ismej.2008.44},
  issue = {7},
  langid = {english}
}

@book{Borcard2018,
  title = {Numerical ecology with {{R}}},
  author = {Borcard, Daniel and Gillet, Fran\c{c}ois and Legendre, Pierre},
  date = {2018},
  journaltitle = {Numerical Ecology with R},
  edition = {2},
  volume = {17},
  publisher = {{Springer-Verlag}},
  location = {{New York}},
  doi = {10.1007/978-3-319-71404-2},
  isbn = {978-3-319-71404-2}
}

@article{Bourque2015,
  title = {Microbial community structure and dynamics in restored subtropical seagrass sediments},
  author = {Bourque, Amanda S. and Vega-Thurber, Rebecca and Fourqurean, James W.},
  date = {2015-01-12},
  journaltitle = {Aquat. Microb. Ecol.},
  volume = {74},
  number = {1},
  pages = {43--57},
  issn = {0948-3055, 1616-1564},
  doi = {10.3354/ame01725},
  langid = {english}
}

@article{Bowen2011a,
  title = {Microbial community composition in sediments resists perturbation by nutrient enrichment},
  author = {Bowen, Jennifer L. and Ward, Bess B. and Morrison, Hilary G. and Hobbie, John E. and Valiela, Ivan and Deegan, Linda A. and Sogin, Mitchell L.},
  date = {2011-09},
  journaltitle = {ISME J.},
  volume = {5},
  number = {9},
  pages = {1540--1548},
  publisher = {{Nature Publishing Group}},
  issn = {1751-7370},
  doi = {10.1038/ismej.2011.22},
  issue = {9},
  langid = {english}
}

@article{Bradley2019,
  title = {Survival of the fewest: {{Microbial}} dormancy and maintenance in marine sediments through deep time},
  shorttitle = {Survival of the fewest},
  author = {Bradley, James A. and Amend, Jan P. and LaRowe, Douglas E.},
  date = {2019},
  journaltitle = {Geobiology},
  volume = {17},
  number = {1},
  pages = {43--59},
  issn = {1472-4669},
  doi = {10.1111/gbi.12313},
  langid = {english}
}

@article{Cangelosi2014,
  title = {Dead or alive: molecular assessment of microbial viability},
  shorttitle = {Dead or alive},
  author = {Cangelosi, Gerard A. and Meschke, John S.},
  date = {2014-10},
  journaltitle = {Appl. Environ. Microbiol.},
  volume = {80},
  number = {19},
  pages = {5884--5891},
  issn = {1098-5336},
  doi = {10.1128/AEM.01763-14},
  langid = {english},
  pmcid = {PMC4178667}
}

@article{Caporaso2011a,
  title = {Global patterns of {{16S rRNA}} diversity at a depth of millions of sequences per sample},
  author = {Caporaso, J. Gregory and Lauber, Christian L. and Walters, William A. and Berg-Lyons, Donna and Lozupone, Catherine A. and Turnbaugh, Peter J. and Fierer, Noah and Knight, Rob},
  date = {2011-03-15},
  journaltitle = {Proc. Natl. Acad. Sci. U.S.A.},
  volume = {108},
  pages = {4516--4522},
  publisher = {{National Academy of Sciences}},
  issn = {0027-8424, 1091-6490},
  doi = {10.1073/pnas.1000080107},
  issue = {Supplement 1},
  langid = {english}
}

@article{Caporaso2012a,
  title = {Ultra-high-throughput microbial community analysis on the {{Illumina HiSeq}} and {{MiSeq}} platforms},
  author = {Caporaso, J. Gregory and Lauber, Christian L. and Walters, William A. and Berg-Lyons, Donna and Huntley, James and Fierer, Noah and Owens, Sarah M. and Betley, Jason and Fraser, Louise and Bauer, Markus and Gormley, Niall and Gilbert, Jack A. and Smith, Geoff and Knight, Rob},
  date = {2012-08},
  journaltitle = {ISME J.},
  volume = {6},
  number = {8},
  pages = {1621--1624},
  issn = {1751-7370},
  doi = {10.1038/ismej.2012.8},
  langid = {english},
  pmcid = {PMC3400413}
}

@article{Carini2016,
  title = {Relic {{DNA}} is abundant in soil and obscures estimates of soil microbial diversity},
  author = {Carini, Paul and Marsden, Patrick J. and Leff, Jonathan W. and Morgan, Emily E. and Strickland, Michael S. and Fierer, Noah},
  date = {2016-12-19},
  journaltitle = {Nat. Microbiol.},
  volume = {2},
  pages = {16242},
  issn = {2058-5276},
  doi = {10.1038/nmicrobiol.2016.242},
  langid = {english}
}

@article{Chen2017,
  title = {Bioturbation as a key driver behind the dominance of bacteria over archaea in near-surface sediment},
  author = {Chen, Xihan and Andersen, Thorbj\o rn Joest and Morono, Yuki and Inagaki, Fumio and J\o rgensen, Bo Barker and Lever, Mark Alexander},
  date = {2017-05-25},
  journaltitle = {Sci. Rep.},
  volume = {7},
  number = {1},
  pages = {2400},
  publisher = {{Nature Publishing Group}},
  issn = {2045-2322},
  doi = {10.1038/s41598-017-02295-x},
  issue = {1},
  langid = {english}
}

@article{Cucio2016a,
  title = {Rhizosphere microbiomes of european seagrasses are selected by the plant, but are not species specific},
  author = {C\'ucio, Catarina and Engelen, Aschwin H. and Costa, Rodrigo and Muyzer, Gerard},
  date = {2016},
  journaltitle = {Front. Microbiol.},
  volume = {7},
  pages = {440},
  publisher = {{Frontiers}},
  issn = {1664-302X},
  doi = {10.3389/fmicb.2016.00440},
  langid = {english}
}

@article{Duarte2002,
  title = {The future of seagrass meadows},
  author = {Duarte, Carlos},
  date = {2002-06-01},
  journaltitle = {Environ. Conserv.},
  volume = {29},
  pages = {192--206},
  doi = {10.1017/S0376892902000127}
}

@incollection{Duarte2005,
  title = {Plant microbe interactions in seagrass meadows},
  booktitle = {Interactions between macro- and microorganisms in marine sediments},
  author = {Duarte, Carlos M. and Holmer, Marianne and Marb\`a, N\'uria},
  editor = {Kristensen, Erik and Haese, Ralf R. and Kostka, Joel E.},
  date = {2005},
  pages = {31--60},
  publisher = {{American Geophysical Union}},
  location = {{Washington}},
  doi = {10.1029/CE060p0031},
  isbn = {978-1-118-66544-2},
  langid = {english}
}

@software{Edwards2020,
  title = {{{lemon}}: {{Freshing}} up your 'ggplot2' plots},
  author = {Edwards, McKinnon Stefan},
  date = {2020},
  version = {R package version 0.4.5}
}

@article{Ettinger2017b,
  title = {Microbial communities in sediment from {{{\emph{Zostera marina}}}} patches, but not the {{{\emph{Z.~marina }}}} leaf or root microbiomes, vary in relation to distance from patch edge},
  author = {Ettinger, Cassandra L. and Voerman, Sofie E. and Lang, Jenna M. and Stachowicz, John J. and Eisen, Jonathan A.},
  date = {2017},
  journaltitle = {PeerJ},
  volume = {5},
  pages = {e3246},
  issn = {2167-8359},
  doi = {10.7717/peerj.3246},
  langid = {english},
  pmcid = {PMC5410140}
}

@article{Fonseca1987,
  title = {Effects of current on photosynthesis and distribution of seagrasses},
  author = {Fonseca, Mark S. and Kenworthy, W. Judson},
  date = {1987-01-01},
  journaltitle = {Aquat. Bot.},
  series = {Environmental {{Impacts On Seagrasses}}},
  volume = {27},
  number = {1},
  pages = {59--78},
  issn = {0304-3770},
  doi = {10.1016/0304-3770(87)90086-6},
  langid = {english}
}

@incollection{Galushko2021,
  title = {{{{\emph{Desulfocapsaceae{\emph{}}}}}}},
  booktitle = {Bergey's manual of systematics of {{Archaea}} and {{Bacteria}}},
  author = {Galushko, Alexander and Kuever, Jan},
  editor = {Whitman, William B.},
  date = {2021},
  pages = {1--6},
  publisher = {{John Wiley \& Sons, in association with Bergey's manual trust}},
  location = {{online}},
  doi = {10.1002/9781118960608.fbm00332},
  isbn = {978-1-118-96060-8},
  langid = {english}
}

@article{Garcia-Martinez2009a,
  title = {Bacterial community dynamics in a seagrass ({{{\emph{Posidonia oceanica}}}}) meadow sediment},
  author = {Garc\'ia-Mart\'inez, Micaela and L\'opez-L\'opez, Arantxa and Calleja, Mar\'ia Ll. and Marb\`a, N\'uria and Duarte, Carlos M.},
  date = {2009-03-01},
  journaltitle = {Estuaries Coasts},
  volume = {32},
  number = {2},
  pages = {276--286},
  issn = {1559-2731},
  doi = {10.1007/s12237-008-9115-y},
  langid = {english}
}

@article{Gihring2009,
  title = {Identification of phytodetritus-degrading microbial communities in sublittoral {{Gulf}} of {{Mexico}} sands},
  author = {Gihring, Thomas M. and Humphrys, Mike and Mills, Heath J. and Huette, Markus and Kostka, Joel E.},
  date = {2009},
  journaltitle = {Limnol. Oceanogr.},
  volume = {54},
  number = {4},
  pages = {1073--1083},
  issn = {1939-5590},
  doi = {10.4319/lo.2009.54.4.1073},
  langid = {english}
}

@article{Guevara2014,
  title = {Changes in sediment bacterial community in response to long-term nutrient enrichment in a subtropical seagrass-dominated estuary},
  author = {Guevara, Rafael and Ikenaga, Makoto and Dean, Amanda L. and Pisani, Cristina and Boyer, Joseph N.},
  date = {2014-10},
  journaltitle = {Microb. Ecol.},
  volume = {68},
  number = {3},
  pages = {427--440},
  issn = {1432-184X},
  doi = {10.1007/s00248-014-0418-1},
  langid = {english}
}

@incollection{Gutierrez2019,
  title = {Marine, aerobic hydrocarbon-degrading {{{\emph{Gammaproteobacteria{\emph{: Overview}}}}}}},
  shorttitle = {Marine, {{Aerobic Hydrocarbon-Degrading Gammaproteobacteria}}},
  booktitle = {Taxonomy, genomics and ecophysiology of hydrocarbon-degrading microbes},
  author = {Gutierrez, Tony},
  editor = {McGenity, Terry J.},
  date = {2019},
  pages = {143--152},
  publisher = {{Springer-Verlag}},
  location = {{Cham}},
  doi = {10.1007/978-3-030-14796-9_22},
  isbn = {978-3-030-14796-9},
  langid = {english}
}

@article{Hamdan2013a,
  title = {Ocean currents shape the microbiome of {{Arctic}} marine sediments},
  author = {Hamdan, Leila J. and Coffin, Richard B. and Sikaroodi, Masoumeh and Greinert, Jens and Treude, Tina and Gillevet, Patrick M.},
  date = {2013-04},
  journaltitle = {ISME J.},
  volume = {7},
  number = {4},
  pages = {685--696},
  issn = {1751-7370},
  doi = {10.1038/ismej.2012.143},
  langid = {english},
  pmcid = {PMC3603395}
}

@article{Holmer2004d,
  title = {Carbon cycling and bacterial carbon sources in pristine and impacted {{Mediterranean}} seagrass sediments},
  author = {Holmer, M. and Duarte, C. M. and Boschker, H. T. S. and Barr\'on, C.},
  date = {2004-09-14},
  journaltitle = {Aquat. Microb. Ecol.},
  volume = {36},
  number = {3},
  pages = {227--237},
  issn = {0948-3055, 1616-1564},
  doi = {10.3354/ame036227},
  langid = {english}
}

@article{Hoshino2020,
  title = {Global diversity of microbial communities in marine sediment},
  author = {Hoshino, Tatsuhiko and Doi, Hideyuki and Uramoto, Go-Ichiro and W\"ormer, Lars and Adhikari, Rishi R. and Xiao, Nan and Morono, Yuki and D'Hondt, Steven and Hinrichs, Kai-Uwe and Inagaki, Fumio},
  date = {2020-11-03},
  journaltitle = {Proc. Natl. Acad. Sci. U.S.A.},
  volume = {117},
  number = {44},
  pages = {27587--27597},
  publisher = {{National Academy of Sciences}},
  issn = {0027-8424, 1091-6490},
  doi = {10.1073/pnas.1919139117},
  isbn = {9781919139111},
  langid = {english}
}

@article{Jensen2007a,
  title = {Different bacterial communities associated with the roots and bulk sediment of the seagrass {{{\emph{Zostera}}}}{\emph{ marina}}},
  author = {Jensen, Sheila Ingemann and K\"uhl, Michael and Priem\'e, Anders},
  date = {2007-10-01},
  journaltitle = {FEMS Microbiol. Ecol.},
  volume = {62},
  number = {1},
  pages = {108--117},
  publisher = {{Oxford Academic}},
  issn = {0168-6496},
  doi = {10.1111/j.1574-6941.2007.00373.x},
  langid = {english}
}

@article{Jones2010,
  title = {Dormancy contributes to the maintenance of microbial diversity},
  author = {Jones, Stuart E. and Lennon, Jay T.},
  date = {2010-03-30},
  journaltitle = {Proc. Natl. Acad. Sci. U.S.A.},
  volume = {107},
  number = {13},
  pages = {5881--5886},
  publisher = {{National Academy of Sciences}},
  issn = {0027-8424, 1091-6490},
  doi = {10.1073/pnas.0912765107},
  langid = {english}
}

@article{Jorgensen2016,
  title = {Slow microbial life in the seabed},
  author = {J\o rgensen, Bo Barker and Marshall, Ian P.G.},
  date = {2016},
  journaltitle = {Annu. Rev. Mar. Sci.},
  volume = {8},
  number = {1},
  pages = {311--332},
  doi = {10.1146/annurev-marine-010814-015535}
}

@article{Jost2006,
  title = {Entropy and diversity},
  author = {Jost, Lou},
  date = {2006-05},
  journaltitle = {Oikos},
  volume = {113},
  number = {2},
  pages = {363--375},
  issn = {00301299},
  doi = {10.1111/j.2006.0030-1299.14714.x},
  issue = {2}
}

@article{Kirkpatrick2019,
  title = {Microbial selection and survival in subseafloor sediment},
  author = {Kirkpatrick, John B. and Walsh, Emily A. and D'Hondt, Steven},
  date = {2019},
  journaltitle = {Front. Microbiol.},
  volume = {10},
  pages = {956},
  issn = {1664-302X},
  doi = {10.3389/fmicb.2019.00956},
  langid = {english},
  pmcid = {PMC6527604}
}

@article{Korlevic2021,
  title = {Selective {{DNA}} and protein isolation from marine macrophyte surfaces},
  author = {Korlevi\'c, Marino and Markovski, Marsej and Zhao, Zihao and Herndl, Gerhard J. and Najdek, Mirjana},
  date = {2021},
  journaltitle = {Front. Microbiol.},
  volume = {12},
  pages = {665999},
  publisher = {{Frontiers}},
  issn = {1664-302X},
  doi = {10.3389/fmicb.2021.665999},
  langid = {english}
}

@article{Korlevic2021a,
  title = {Seasonal dynamics of epiphytic microbial communities on marine macrophyte surfaces},
  author = {Korlevi\'c, Marino and Markovski, Marsej and Zhao, Zihao and Herndl, Gerhard J. and Najdek, Mirjana},
  date = {2021},
  journaltitle = {Front. Microbiol.},
  volume = {12},
  pages = {2528},
  issn = {1664-302X},
  doi = {10.3389/fmicb.2021.671342}
}

@article{Kozich2013a,
  title = {Development of a dual-index sequencing strategy and curation pipeline for analyzing amplicon sequence data on the {{MiSeq Illumina}} sequencing platform},
  author = {Kozich, James J. and Westcott, Sarah L. and Baxter, Nielson T. and Highlander, Sarah K. and Schloss, Patrick D.},
  date = {2013-09},
  journaltitle = {Appl. Environ. Microbiol.},
  volume = {79},
  number = {17},
  pages = {5112--5120},
  issn = {0099-2240},
  doi = {10.1128/AEM.01043-13},
  pmcid = {PMC3753973}
}

@article{Kubo2012,
  title = {{{{\emph{Archaea{\emph{ of the Miscellaneous Crenarchaeotal Group are abundant, diverse and widespread in marine sediments}}}}}}},
  author = {Kubo, Kyoko and Lloyd, Karen G. and F Biddle, Jennifer and Amann, Rudolf and Teske, Andreas and Knittel, Katrin},
  date = {2012-10},
  journaltitle = {ISME J.},
  volume = {6},
  number = {10},
  pages = {1949--1965},
  publisher = {{Nature Publishing Group}},
  issn = {1751-7370},
  doi = {10.1038/ismej.2012.37},
  issue = {10},
  langid = {english}
}

@book{Legendre2012,
  title = {Numerical ecology},
  author = {Legendre, P. and Legendre, L.},
  date = {2012-07-21},
  edition = {3},
  publisher = {{Elsevier}},
  location = {{Amsterdam}},
  isbn = {978-0-444-53869-7},
  langid = {english},
  pagetotal = {1007}
}

@article{Liu2017,
  title = {Effects of seagrass leaf litter decomposition on sediment organic carbon composition and the key transformation processes},
  author = {Liu, SongLin and Jiang, ZhiJian and Deng, YiQin and Wu, YunChao and Zhao, ChunYu and Zhang, JingPing and Shen, Yuan and Huang, XiaoPing},
  date = {2017-12-01},
  journaltitle = {Sci. China Earth Sci.},
  volume = {60},
  number = {12},
  pages = {2108--2117},
  issn = {1869-1897},
  doi = {10.1007/s11430-017-9147-4},
  langid = {english}
}

@article{Lloyd2013,
  title = {Predominant archaea in marine sediments degrade detrital proteins},
  author = {Lloyd, Karen G. and Schreiber, Lars and Petersen, Dorthe G. and Kjeldsen, Kasper U. and Lever, Mark A. and Steen, Andrew D. and Stepanauskas, Ramunas and Richter, Michael and Kleindienst, Sara and Lenk, Sabine and Schramm, Andreas and J\o rgensen, Bo Barker},
  date = {2013-04},
  journaltitle = {Nature},
  volume = {496},
  number = {7444},
  pages = {215--218},
  publisher = {{Nature Publishing Group}},
  issn = {1476-4687},
  doi = {10.1038/nature12033},
  issue = {7444},
  langid = {english}
}

@article{Louca2018,
  title = {Function and functional redundancy in microbial systems},
  author = {Louca, Stilianos and Polz, Martin F. and Mazel, Florent and Albright, Michaeline B. N. and Huber, Julie A. and O'Connor, Mary I. and Ackermann, Martin and Hahn, Aria S. and Srivastava, Diane S. and Crowe, Sean A. and Doebeli, Michael and Parfrey, Laura Wegener},
  date = {2018-06},
  journaltitle = {Nat. Ecol. Evol.},
  volume = {2},
  number = {6},
  pages = {936--943},
  publisher = {{Nature Publishing Group}},
  issn = {2397-334X},
  doi = {10.1038/s41559-018-0519-1},
  issue = {6},
  langid = {english}
}

@article{Luna2002,
  title = {Large fraction of dead and inactive bacteria in coastal marine sediments: {{Comparison}} of protocols for determination and ecological significance},
  shorttitle = {Large {{Fraction}} of {{Dead}} and {{Inactive Bacteria}} in {{Coastal Marine Sediments}}},
  author = {Luna, G. M. and Manini, E. and Danovaro, R.},
  date = {2002-07},
  journaltitle = {Appl. Environ. Microbiol.},
  volume = {68},
  number = {7},
  pages = {3509--3513},
  publisher = {{American Society for Microbiology}},
  doi = {10.1128/AEM.68.7.3509-3513.2002},
  langid = {english}
}

@article{Marshall2019,
  title = {Environmental filtering determines family-level structure of sulfate-reducing microbial communities in subsurface marine sediments},
  author = {Marshall, Ian P. G. and Ren, Ge and Jaussi, Marion and Lomstein, Bente Aa and J\o rgensen, Bo Barker and R\o y, Hans and Kjeldsen, Kasper U.},
  date = {2019-08},
  journaltitle = {ISME J.},
  volume = {13},
  number = {8},
  pages = {1920--1932},
  publisher = {{Nature Publishing Group}},
  issn = {1751-7370},
  doi = {10.1038/s41396-019-0387-y},
  issue = {8},
  langid = {english}
}

@article{Marshall2021,
  title = {Nitrogen cycling in coastal sediment microbial communities with seasonally variable benthic nutrient fluxes},
  author = {Marshall, Aj and Longmore, A and Phillips, L and Tang, C and Hayden, Hl and Heidelberg, Kb and Mele, P},
  date = {2021-01-28},
  journaltitle = {Aquat. Microb. Ecol.},
  volume = {86},
  pages = {1--19},
  issn = {0948-3055, 1616-1564},
  doi = {10.3354/ame01954},
  langid = {english}
}

@article{Middelburg1989,
  title = {A simple rate model for organic matter decomposition in marine sediments},
  author = {Middelburg, Jack J},
  date = {1989-07-01},
  journaltitle = {Geochim. Cosmochim. Acta},
  volume = {53},
  number = {7},
  pages = {1577--1581},
  issn = {0016-7037},
  doi = {10.1016/0016-7037(89)90239-1},
  langid = {english}
}

@article{Mori2011,
  title = {{{{\emph{Thioprofundum hispidum}} sp. nov., an obligately chemolithoautotrophic sulfur-oxidizing gammaproteobacterium isolated from the hydrothermal field on Suiyo Seamount, and proposal of {\emph{Thioalkalispiraceae}}  fam. nov. in the order {\emph{Chromatiales}}}}},
  author = {Mori, Koji and Suzuki, Ken-Ichiro and Urabe, Tetsuro and Sugihara, Maki and Tanaka, Kenji and Hamada, Moriyuki and Hanada, Satoshi},
  date = {2011-10},
  journaltitle = {Int. J. Syst. Evol. Microbiol.},
  volume = {61},
  pages = {2412--2418},
  issn = {1466-5034},
  doi = {10.1099/ijs.0.026963-0},
  issue = {Pt 10},
  langid = {english}
}

@incollection{Mori2014,
  title = {The family  {{{\emph{Thioalkalispiraceae}}}}},
  booktitle = {The prokaryotes:  {{Gammaproteobacteria}}},
  author = {Mori, Koji and Suzuki, Ken-ichiro},
  editor = {Rosenberg, Eugene and DeLong, Edward F. and Lory, Stephen and Stackebrandt, Erko and Thompson, Fabiano},
  date = {2014},
  pages = {653--658},
  publisher = {{Springer-Verlag}},
  location = {{Berlin, Heidelberg}},
  doi = {10.1007/978-3-642-38922-1_399},
  isbn = {978-3-642-38922-1},
  langid = {english}
}

@article{Najdek2020,
  title = {Dynamics of environmental conditions during the decline of a {{{\emph{Cymodocea}}}}{\emph{ nodosa}} meadow},
  author = {Najdek, Mirjana and Korlevi\'c, Marino and Paliaga, Paolo and Markovski, Marsej and Ivan\v{c}i\'c, Ingrid and Ive\v{s}a, Ljiljana and Felja, Igor and Herndl, Gerhard J.},
  date = {2020-06-30},
  journaltitle = {Biogeosciences},
  volume = {17},
  number = {12},
  pages = {3299--3315},
  publisher = {{Copernicus GmbH}},
  issn = {1726-4170},
  doi = {10.5194/bg-17-3299-2020},
  langid = {english}
}

@software{Neuwirth2014,
  title = {{{RColorBrewer}}: {{ColorBrewer}} palettes},
  author = {Neuwirth, Erich},
  date = {2014}
}

@software{Oksanen2020,
  title = {{{vegan}}: {{Community}} ecology package},
  author = {Oksanen, Jari and Blanchet, F Guillaume and Friendly, Michael and Kindt, Roeland and Legendre, Pierre and McGlinn, Dan and Minchin, Peter R and O'Hara, R B and Simpson, Gavin L and Solymos, Peter and Stevens, M Henry H and Szoecs, Eduard and Wagner, Helene},
  date = {2020}
}

@article{Orcutt2011a,
  title = {Microbial ecology of the dark ocean above, at, and below the seafloor},
  author = {Orcutt, Beth N. and Sylvan, Jason B. and Knab, Nina J. and Edwards, Katrina J.},
  date = {2011-06-01},
  journaltitle = {Microbiol. Mol. Biol. Rev.},
  volume = {75},
  number = {2},
  pages = {361--422},
  publisher = {{American Society for Microbiology}},
  issn = {1092-2172, 1098-5557},
  doi = {10.1128/MMBR.00039-10},
  langid = {english}
}

@article{Orlando-Bonaca2015,
  title = {A new index ({{MediSkew}}) for the assessment of the {{{\emph{Cymodocea nodosa}}}}  ({{Ucria}}) {{Ascherson}} meadow's status},
  author = {Orlando-Bonaca, Martina and Franc\'e, Janja and Mavri\v{c}, Borut and Grego, Mateja and Lipej, Lovrenc and Flander-Putrle, Vesna and \v{S}i\v{s}ko, Milijan and Falace, Annalisa},
  date = {2015-09},
  journaltitle = {Mar. Environ. Res.},
  volume = {110},
  pages = {132--141},
  issn = {1879-0291},
  doi = {10.1016/j.marenvres.2015.08.009},
  langid = {english}
}

@article{Orsi2018,
  title = {Ecology and evolution of seafloor and subseafloor microbial communities},
  author = {Orsi, William D.},
  date = {2018-11},
  journaltitle = {Nat. Rev. Microbiol.},
  volume = {16},
  number = {11},
  pages = {671--683},
  issn = {1740-1534},
  doi = {10.1038/s41579-018-0046-8},
  langid = {english}
}

@article{Parada2016a,
  title = {Every base matters: assessing small subunit {{rRNA}} primers for marine microbiomes with mock communities, time series and global field samples},
  shorttitle = {Every base matters},
  author = {Parada, Alma E. and Needham, David M. and Fuhrman, Jed A.},
  date = {2016-05},
  journaltitle = {Environ. Microbiol.},
  volume = {18},
  number = {5},
  pages = {1403--1414},
  issn = {1462-2920},
  doi = {10.1111/1462-2920.13023},
  langid = {english}
}

@article{Petro2017a,
  title = {Microbial community assembly in marine sediments},
  author = {Petro, Caitlin and Starnawski, P and Schramm, Andreas and Kjeldsen, KU},
  date = {2017-01-01},
  journaltitle = {Aquat. Microb. Ecol.},
  volume = {79},
  pages = {177--195},
  doi = {10.3354/ame01826}
}

@article{Petro2019,
  title = {Marine deep biosphere microbial communities assemble in near-surface sediments in {{Aarhus Bay}}},
  author = {Petro, Caitlin and Z\"ancker, Birthe and Starnawski, Piotr and Jochum, Lara M. and Ferdelman, Timothy G. and J\o rgensen, Bo Barker and R\o y, Hans and Kjeldsen, Kasper U. and Schramm, Andreas},
  date = {2019},
  journaltitle = {Front. Microbiol.},
  volume = {10},
  pages = {758},
  publisher = {{Frontiers}},
  issn = {1664-302X},
  doi = {10.3389/fmicb.2019.00758},
  langid = {english}
}

@article{Pfeifer2020,
  title = {The cell wall of seagrasses: {{Fascinating}}, peculiar and a blank canvas for future research},
  shorttitle = {The {{Cell Wall}} of {{Seagrasses}}},
  author = {Pfeifer, Lukas and Classen, Birgit},
  date = {2020},
  journaltitle = {Front. Plant Sci.},
  volume = {11},
  pages = {588754},
  issn = {1664-462X},
  doi = {10.3389/fpls.2020.588754}
}

@article{Pjevac2018b,
  title = {Metaproteogenomic profiling of microbial communities colonizing actively venting hydrothermal chimneys},
  author = {Pjevac, Petra and Meier, Dimitri V. and Markert, Stephanie and Hentschker, Christian and Schweder, Thomas and Becher, D\"orte and Gruber-Vodicka, Harald R. and Richter, Michael and Bach, Wolfgang and Amann, Rudolf and Meyerdierks, Anke},
  date = {2018},
  journaltitle = {Front. Microbiol.},
  volume = {9},
  pages = {680},
  publisher = {{Frontiers}},
  issn = {1664-302X},
  doi = {10.3389/fmicb.2018.00680},
  langid = {english}
}

@article{Polymenakou2005a,
  title = {Bacterial community composition in different sediments from the {{Eastern Mediterranean Sea}}: a comparison of four {{16S}} ribosomal {{DNA}} clone libraries},
  shorttitle = {Bacterial {{Community Composition}} in {{Different Sediments}} from the {{Eastern Mediterranean Sea}}},
  author = {Polymenakou, Paraskevi and Bertilsson, Stefan and Tselepides, Anastasios and Stephanou, Euripides},
  date = {2005-11-01},
  journaltitle = {Microb. Ecol.},
  volume = {50},
  pages = {447--62},
  doi = {10.1007/s00248-005-0005-6}
}

@article{Quast2013b,
  title = {The {{SILVA}} ribosomal {{RNA}} gene database project: improved data processing and web-based tools},
  shorttitle = {The {{SILVA}} ribosomal {{RNA}} gene database project},
  author = {Quast, Christian and Pruesse, Elmar and Yilmaz, Pelin and Gerken, Jan and Schweer, Timmy and Yarza, Pablo and Peplies, J\"org and Gl\"ockner, Frank Oliver},
  date = {2013-01-01},
  journaltitle = {Nucleic Acids Res.},
  volume = {41},
  number = {D1},
  pages = {D590-D596},
  issn = {0305-1048},
  doi = {10.1093/nar/gks1219}
}

@article{Rabbani2021,
  title = {Spatial and structural factors shape seagrass-associated bacterial communities in {{Singapore}} and {{Peninsular Malaysia}}},
  author = {Rabbani, Golam and Yan, Bertrand Chengxiang and Lee, Nicole Li Ying and Ooi, Jillian Lean Sim and Lee, Jen Nie and Huang, Danwei and Wainwright, Benjamin J.},
  date = {2021},
  journaltitle = {Front. Mar. Sci.},
  volume = {8},
  pages = {590},
  issn = {2296-7745},
  doi = {10.3389/fmars.2021.659180}
}

@software{RCoreTeam2020,
  title = {R: {{A}} language and environment for statistical computing},
  author = {{R Core Team}},
  date = {2020},
  location = {{Vienna, Austria}},
  organization = {{R foundation for statistical computing}}
}

@article{Rinke2019,
  title = {A phylogenomic and ecological analysis of the globally abundant {{Marine Group II}} archaea ({{{\emph{Ca.{\emph{ Poseidoniales ord. nov.)}}}}}}},
  author = {Rinke, Christian and Rubino, Francesco and Messer, Lauren F. and Youssef, Noha and Parks, Donovan H. and Chuvochina, Maria and Brown, Mark and Jeffries, Thomas and Tyson, Gene W. and Seymour, Justin R. and Hugenholtz, Philip},
  date = {2019-03},
  journaltitle = {ISME J.},
  volume = {13},
  number = {3},
  pages = {663--675},
  publisher = {{Nature Publishing Group}},
  issn = {1751-7370},
  doi = {10.1038/s41396-018-0282-y},
  issue = {3},
  langid = {english}
}

@article{RuizFernandez2009,
  title = {Seagrass ecosystems and {{Mediterranean}} seagrasses},
  author = {Ruiz Fernandez, Juan Manuel and Boudouresque, Charles and Enr\'iquez, Susana},
  date = {2009-11-01},
  journaltitle = {Botanica Marina},
  volume = {52},
  pages = {369--381},
  doi = {10.1515/BOT.2009.058}
}

@article{Schloss2009b,
  title = {Introducing mothur: open-source, platform-independent, community-supported software for describing and comparing microbial communities},
  shorttitle = {Introducing mothur},
  author = {Schloss, Patrick D. and Westcott, Sarah L. and Ryabin, Thomas and Hall, Justine R. and Hartmann, Martin and Hollister, Emily B. and Lesniewski, Ryan A. and Oakley, Brian B. and Parks, Donovan H. and Robinson, Courtney J. and Sahl, Jason W. and Stres, Blaz and Thallinger, Gerhard G. and Van Horn, David J. and Weber, Carolyn F.},
  date = {2009-12},
  journaltitle = {Appl. Environ. Microbiol.},
  volume = {75},
  number = {23},
  pages = {7537--7541},
  issn = {1098-5336},
  doi = {10.1128/AEM.01541-09},
  langid = {english},
  pmcid = {PMC2786419}
}

@article{Schloss2016,
  title = {Sequencing {{16S rRNA}} gene fragments using the {{PacBio SMRT DNA}} sequencing system.},
  author = {Schloss, Patrick D and Jenior, Matthew L and Koumpouras, Charles C and Westcott, Sarah L and Highlander, Sarah K},
  date = {2016-03},
  journaltitle = {PeerJ},
  volume = {4},
  pages = {e1869},
  issn = {2167-8359},
  doi = {10.7717/peerj.1869}
}

@article{Segata2011,
  title = {Metagenomic biomarker discovery and explanation},
  author = {Segata, Nicola and Izard, Jacques and Waldron, Levi and Gevers, Dirk and Miropolsky, Larisa and Garrett, Wendy S. and Huttenhower, Curtis},
  date = {2011-06-24},
  journaltitle = {Genome Biology},
  volume = {12},
  number = {6},
  pages = {R60},
  issn = {1474-760X},
  doi = {10.1186/gb-2011-12-6-r60}
}

@article{Silburn2017,
  title = {Benthic {{pH}} gradients across a range of shelf sea sediment types linked to sediment characteristics and seasonal variability},
  author = {Silburn, B. and Kr\"oger, S. and Parker, E. R. and Sivyer, D. B. and Hicks, N. and Powell, C. F. and Johnson, M. and Greenwood, N.},
  date = {2017-09-01},
  journaltitle = {Biogeochemistry},
  volume = {135},
  number = {1},
  pages = {69--88},
  issn = {1573-515X},
  doi = {10.1007/s10533-017-0323-z},
  langid = {english}
}

@article{Smith2004a,
  title = {Seasonal composition and activity of sulfate-reducing prokaryotic communities in seagrass bed sediments},
  author = {Smith, April C. and Kostka, Joel E. and Devereux, Richard and Yates, Diane F.},
  date = {2004-11-11},
  journaltitle = {Aquat. Microb. Ecol.},
  volume = {37},
  number = {2},
  pages = {183--195},
  issn = {0948-3055, 1616-1564},
  doi = {10.3354/ame037183},
  langid = {english}
}

@article{Starnawski2017a,
  title = {Microbial community assembly and evolution in subseafloor sediment},
  author = {Starnawski, Piotr and Bataillon, Thomas and Ettema, Thijs J. G. and Jochum, Lara M. and Schreiber, Lars and Chen, Xihan and Lever, Mark A. and Polz, Martin F. and J\o rgensen, Bo B. and Schramm, Andreas and Kjeldsen, Kasper U.},
  date = {2017-03-14},
  journaltitle = {Proc. Natl. Acad. Sci. U.S.A.},
  volume = {114},
  number = {11},
  pages = {2940--2945},
  publisher = {{National Academy of Sciences}},
  issn = {0027-8424, 1091-6490},
  doi = {10.1073/pnas.1614190114},
  langid = {english}
}

@article{Sun2015a,
  title = {Seagrass ({{{\emph{Zostera marina}}}}) colonization promotes the accumulation of diazotrophic bacteria and alters the relative abundances of specific bacterial lineages involved in benthic carbon and sulfur cycling},
  author = {Sun, Feifei and Zhang, Xiaoli and Zhang, Qianqian and Liu, Fanghua and Zhang, Jianping and Gong, Jun},
  date = {2015-10-01},
  journaltitle = {Appl. Environ. Microbiol.},
  volume = {81},
  number = {19},
  pages = {6901--6914},
  publisher = {{American Society for Microbiology}},
  issn = {0099-2240, 1098-5336},
  doi = {10.1128/AEM.01382-15},
  langid = {english}
}

@article{Sun2020,
  title = {Seagrass vegetation affect the vertical organization of microbial communities in sediment},
  author = {Sun, Yanyu and Song, Zenglei and Zhang, Haikun and Liu, Pengyuan and Hu, Xiaoke},
  date = {2020-12-01},
  journaltitle = {Mar. Environ. Res.},
  volume = {162},
  pages = {105174},
  issn = {0141-1136},
  doi = {10.1016/j.marenvres.2020.105174},
  langid = {english}
}

@article{Terrados2000,
  title = {Experimental evidence of reduced particle resuspension within a seagrass ({{{\emph{Posidonia oceanica}}}}) meadow},
  author = {Terrados, Jorge and Duarte, Carlos M},
  date = {2000-01-01},
  journaltitle = {J. Exp. Mar. Biol. Ecol.},
  volume = {243},
  number = {1},
  pages = {45--53},
  issn = {0022-0981},
  doi = {10.1016/S0022-0981(99)00110-0},
  langid = {english}
}

@article{Thomas2011,
  title = {Environmental and gut {{{\emph{Bacteroidetes{\emph{: The food connection}}}}}}},
  shorttitle = {Environmental and {{Gut Bacteroidetes}}},
  author = {Thomas, Fran\c{c}ois and Hehemann, Jan-Hendrik and Rebuffet, Etienne and Czjzek, Mirjam and Michel, Gurvan},
  date = {2011},
  journaltitle = {Front. Microbiol.},
  volume = {2},
  pages = {93},
  issn = {1664-302X},
  doi = {10.3389/fmicb.2011.00093}
}

@article{Torti2018,
  title = {Preservation of microbial {{DNA}} in marine sediments: insights from extracellular {{DNA}} pools},
  shorttitle = {Preservation of microbial {{DNA}} in marine sediments},
  author = {Torti, Andrea and J\o rgensen, Bo Barker and Lever, Mark Alexander},
  date = {2018},
  journaltitle = {Environ. Microbiol.},
  volume = {20},
  number = {12},
  pages = {4526--4542},
  issn = {1462-2920},
  doi = {10.1111/1462-2920.14401},
  langid = {english}
}

@article{Tuya2014,
  title = {Decadal changes in the structure of {{{\emph{Cymodocea nodosa}} seagrass meadows: Natural vs. human influences}}},
  shorttitle = {Decadal changes in the structure of {{Cymodocea}} nodosa seagrass meadows},
  author = {Tuya, Fernando and Ribeiro-Leite, Lu\'is and Arto-Cuesta, Noelia and Coca, Josep and Haroun, Ricardo and Espino, Fernando},
  date = {2014-01-01},
  journaltitle = {Estuar. Coast. Shelf Sci.},
  volume = {137},
  pages = {41--49},
  issn = {0272-7714},
  doi = {10.1016/j.ecss.2013.11.026}
}

@article{vanKatwijk2010,
  title = {Sediment modification by seagrass beds: {{Muddification}} and sandification induced by plant cover and environmental conditions},
  shorttitle = {Sediment modification by seagrass beds},
  author = {van Katwijk, M. M. and Bos, A. R. and Hermus, D. C. R. and Suykerbuyk, W.},
  options = {useprefix=true},
  date = {2010-09-20},
  journaltitle = {Estuar. Coast. Shelf Sci.},
  volume = {89},
  number = {2},
  pages = {175--181},
  issn = {0272-7714},
  doi = {10.1016/j.ecss.2010.06.008},
  langid = {english}
}

@article{Walsh2016c,
  title = {Bacterial diversity and community composition from seasurface to subseafloor},
  author = {Walsh, Emily A. and Kirkpatrick, John B. and Rutherford, Scott D. and Smith, David C. and Sogin, Mitchell and D'Hondt, Steven},
  date = {2016-04},
  journaltitle = {ISME J.},
  volume = {10},
  number = {4},
  pages = {979--989},
  issn = {1751-7370},
  doi = {10.1038/ismej.2015.175},
  langid = {english},
  pmcid = {PMC4796937}
}

@incollection{Watanabe2020,
  title = {{{{\emph{Desulfosarcina{\emph{}}}}}}},
  booktitle = {Bergey's manual of systematics of {{Archaea}} and {{Bacteria}}},
  author = {Watanabe, Miho and Fukui, Manabu and Galushko, Alexander and Kuever, Jan},
  editor = {Whitman, William B.},
  date = {2020},
  pages = {1--6},
  publisher = {{John Wiley \& Sons, in association with Bergey's manual trust}},
  location = {{online}},
  doi = {10.1002/9781118960608.gbm01020.pub2},
  isbn = {978-1-118-96060-8},
  langid = {english}
}

@article{Wickham2019a,
  title = {Welcome to the tidyverse},
  author = {Wickham, Hadley and Averick, Mara and Bryan, Jennifer and Chang, Winston and McGowan, Lucy D'Agostino and Fran\c{c}ois, Romain and Grolemund, Garrett and Hayes, Alex and Henry, Lionel and Hester, Jim and Kuhn, Max and Pedersen, Thomas Lin and Miller, Evan and Bache, Stephan Milton and M\"uller, Kirill and Ooms, Jeroen and Robinson, David and Seidel, Dana Paige and Spinu, Vitalie and Takahashi, Kohske and Vaughan, Davis and Wilke, Claus and Woo, Kara and Yutani, Hiroaki},
  date = {2019-11-21},
  journaltitle = {J. Open Source Softw.},
  volume = {4},
  number = {43},
  pages = {1686},
  issn = {2475-9066},
  doi = {10.21105/joss.01686},
  langid = {english}
}

@software{Wilke2020,
  title = {cowplot: {{Streamlined}} plot theme and plot annotations for 'ggplot2'},
  shorttitle = {cowplot},
  author = {Wilke, Claus O.},
  date = {2020-12-30},
  version = {1.1.1}
}

@incollection{Xie2014,
  title = {{{knitr}}: a comprehensive tool for reproducible research in {{R}}},
  booktitle = {Implementing reproducible computational research},
  author = {Xie, Yihui},
  editor = {Stodden, Victoria and Leisch, Friedrich and Peng, Roger D},
  date = {2014},
  pages = {3--32},
  publisher = {{Chapman and Hall/CRC}},
  location = {{New York}}
}

@book{Xie2015,
  title = {Dynamic documents with {{R}} and knitr},
  author = {Xie, Yihui},
  date = {2015},
  edition = {2},
  publisher = {{Chapman and Hall/CRC}},
  location = {{Boca Raton, Florida}},
  editorb = {Chambers, John M. and Hothorn, Torsten and Lang, Duncan Teple and Wickham, Hadley},
  editorbtype = {redactor}
}

@book{Xie2018,
  title = {R {{Markdown}}: {{The}} definitive guide},
  author = {Xie, Yihui and Allaire, J J and Grolemund, Garrett},
  date = {2018},
  edition = {1st},
  publisher = {{Chapman and Hall/CRC}},
  location = {{Boca Raton, Florida}}
}

@article{Xie2019,
  title = {{{TinyTeX}}: a lightweight, cross-platform, and easy-to-maintain {{LaTeX}} distribution based on {{TeX Live}}},
  author = {Xie, Yihui},
  date = {2019},
  journaltitle = {TUGboat},
  volume = {40},
  number = {1},
  pages = {30--32},
  issue = {1}
}

@book{Xie2020,
  title = {R {{Markdown}} cookbook},
  author = {Xie, Yihui and Deriveux, Christophe and Riederer, Emily},
  date = {2020},
  edition = {1st},
  publisher = {{Chapman and Hall/CRC}},
  location = {{Boca Raton, Florida}},
  isbn = {978-0-367-56383-7}
}

@software{Xie2021,
  title = {{{knitr}}: {{A}} general-purpose package for dynamic report generation in {{R}}},
  author = {Xie, Yihui},
  date = {2021},
  version = {R package version 1.33}
}

@software{Xie2021a,
  title = {{{tinytex}}: helper functions to install and maintain '{{TeX Live}}', and compile '{{LaTeX}}' documents},
  author = {Xie, Yihui},
  date = {2021},
  version = {R package version   0.31}
}

@article{Yilmaz2014a,
  title = {The {{SILVA}} and ``{{All-species Living Tree Project}} ({{LTP}})'' taxonomic frameworks},
  author = {Yilmaz, Pelin and Parfrey, Laura Wegener and Yarza, Pablo and Gerken, Jan and Pruesse, Elmar and Quast, Christian and Schweer, Timmy and Peplies, J\"org and Ludwig, Wolfgang and Gl\"ockner, Frank Oliver},
  date = {2014-01-01},
  journaltitle = {Nucleic Acids Res.},
  volume = {42},
  pages = {D643-D648},
  issn = {0305-1048},
  doi = {10.1093/nar/gkt1209},
  issue = {Database issue},
  pmcid = {PMC3965112}
}

@article{Zhang2020,
  title = {Rhizosphere microbial community structure is selected by habitat but not plant species in two tropical seagrass beds},
  author = {Zhang, Xia and Zhao, Chunyu and Yu, Shuo and Jiang, Zhijian and Liu, Songlin and Wu, Yunchao and Huang, Xiaoping},
  date = {2020},
  journaltitle = {Front. Microbiol.},
  volume = {11},
  pages = {161},
  issn = {1664-302X},
  doi = {10.3389/fmicb.2020.00161}
}

@article{Zhang2022,
  title = {Gradient of microbial communities around seagrass roots was mediated by sediment grain size},
  author = {Zhang, Xia and Liu, Songlin and Jiang, Zhijian and Wu, Yunchao and Huang, Xiaoping},
  date = {2022},
  journaltitle = {Ecosphere},
  volume = {13},
  number = {2},
  pages = {e3942},
  issn = {2150-8925},
  doi = {10.1002/ecs2.3942},
  langid = {english}
}

@article{Zheng2019,
  title = {Community structure and abundance of archaea in a {\emph{ }}{{{\emph{Zostera}}}}{\emph{ marina }} meadow: a comparison between seagrass-colonized and bare sediment sites},
  shorttitle = {Community structure and abundance of archaea in a zostera marina meadow},
  author = {Zheng, Pengfei and Wang, Chuantao and Zhang, Xiaoli and Gong, Jun},
  date = {2019-11-18},
  journaltitle = {Archaea},
  volume = {2019},
  pages = {e5108012},
  publisher = {{Hindawi}},
  issn = {1472-3646},
  doi = {10.1155/2019/5108012},
  langid = {english}
}

@article{Zhou1996b,
  title = {{{DNA}} recovery from soils of diverse composition},
  author = {Zhou, J. and Bruns, M. A. and Tiedje, J. M.},
  date = {1996-02},
  journaltitle = {Appl. Environ. Microbiol.},
  volume = {62},
  number = {2},
  pages = {316--322},
  issn = {0099-2240},
  doi = {10.1128/aem.62.2.316-322.1996},
  langid = {english},
  pmcid = {PMC167800}
}

@software{Zhu2021,
  title = {{{kableExtra}}: construct complex table with 'kable' and pipe syntax},
  author = {Zhu, Hao},
  date = {2021}
}


